@misc{book,
   author = "William Stallings",
   title = "{Foundations of Modern Networking --- SDN, NFV, QoE, IoT, and Cloud}",
   year = "2016",
   howpublished = {PEARSON}
 }

@misc{sdn,
   author = "{K. Kaur, Garg, Aujla, N. Kumar, J. J. P. C. Rodrigues, M. Guizani}",
   title = "{Edge Computing in the Industrial Internet of Things Environment: Software-Defined-Networks-Based Edge-Cloud Interplay}",
   year = "2018",
   howpublished = {IEEE Communications Magazine}
 }
 
 @misc{I4.0,
   author = "{F. Griffiths, M. Ooi}",
   title = "{The fourth industrial revolution - Industry 4.0 and IoT}",
   year = "2018",
   howpublished = {IEEE Instrumentation and Measurement Magazine}
 }

@misc{futureIoT,
   author = "{J. Ploennigs, J. Cohn, A. Stanford-Clark}",
   title = "{The Future of IoT}",
   year = "2018",
   howpublished = {IEEE Internet of Things Magazine}
 }

@misc{machine,
   author = "{K. Moskvitch}",
   title = "{When machinery chats [Connections Industrial IOT]}",
   year = "2018",
   howpublished = {Engineering and Technology}
 }

@misc{industrialCommunication,
   author = "{M. Wollschlaeger; T. Sauter; J. Jasperneite}",
   title = "{The Future of Industrial Communication: Automation Networks in the Era of the Internet of Things and Industry 4.0}",
   year = "2017",
   howpublished = {IEEE Industrial Electronics Magazine}
 }

@misc{fog,
   author = "{M. Antonini; M. Vecchio; F. Antonelli}",
   title = "{Fog Computing Architectures: A Reference for Practitioners}",
   year = "2020",
   howpublished = {IEEE Internet of Things Magazine}
 }

@misc{tutorial,
   author = "{K. Xu; Y. Qu; K. Yang}",
   title = "{A tutorial on the internet of things: from a heterogeneous network integration perspective}",
   year = "2016",
   howpublished = {IEEE Network}
 }

@misc{roadmap,
   author = "{D. Georgakopoulos; P. P. Jayaraman; M. Fazia; M. Villari; R. Ranjan}",
   title = "{Internet of Things and Edge Cloud Computing Roadmap for Manufacturing}",
   year = "2016",
   howpublished = {IEEE Cloud Computing}
 }

@misc{referenceArchitectures,
   author = "{M. Weyrich; C. Ebert}",
   title = "{Reference Architectures for the Internet of Things}",
   year = "2015",
   howpublished = {IEEE Software}
 }
 
 @misc{github,
 title = "{https://sdnwiselab.github.io/docs/guides/Core.html}"
 }








